% ####################### from now on there are our future references to books, papers and websites  ##########################


% "Software Engineering: Principles and Practice" book (by Hans van Vliet)
@book{vanVliet_SWPaP,
author = {van Vliet, Hans},
title = {Software Engineering: Principles
and Practice},
year = {2007},
publisher = {Wiley}
}


% DIGITAL PUBLIC GOODS STANDARD website

@misc{DPGS,
    author = {Digital Public Goods community},
    title = {Digital public goods standard},
    year = {2021},
    note = {Last accessed December 2021},
    howpublished = {\url{https://digitalpublicgoods.net/standard/}},
}

% India's Standardisation Testing and Quality Certification website

@misc{STQC,
    author = {Standardisation Testing and Quality Certification (STQC) Directorate of the Ministry of Electronics and Information Technology, Government of India},
    title = {Standards for e-Governance applications},
    year = {2021},
    note = {Last accessed December 2021},
    howpublished = {\url{http://egovstandards.gov.in/notified-standards-0}}
}


% UNDP GitHub repository
@misc{UNDP_GitHub,
    author = {Swetha Kolluri, Parvathy Krishnank},
    title = {Data4Policy},
    year = {2021},
    note = {Last accessed December 2021},
    howpublished = {\url{https://github.com/UNDP-India/Data4Policy}}
}

@article{iso_ieee_standard,
  author={ISO/IEC/IEEE},
  journal={ISO/IEC/IEEE 29148:2018(E)}, 
  title={ISO/IEC/IEEE International Standard - Systems and software engineering -- Life cycle processes -- Requirements engineering}, 
  year={2018},
  volume={},
  number={},
  pages={1-104},
  doi={10.1109/IEEESTD.2018.8559686}}



% Original R&DD Assignment of the project
@misc{grw_GitHub,
    author = {LeoGori-MarcoRomanini-y1220},
    title = {Requirement Engineering and Design Project: goal, schedule, and rules},
    year = {2021},
    note = {Last accessed December 2021},
    howpublished = {\url{https://github.com/MarcoRomanini/GoriRomaniniWatanabe/blob/main/01.\%20Assignment\%20RDD\%20AY\%202021-2022.pdf}}
}